@inproceedings{kocher1999differential,
  title={Differential power analysis},
  author={Kocher, Paul and Jaffe, Joshua and Jun, Benjamin},
  booktitle={Annual International Cryptology Conference},
  pages={388--397},
  year={1999},
  organization={Springer}
}

@article{sokolov2005design,
  title={Design and analysis of dual-rail circuits for security applications},
  author={Sokolov, Danil and Murphy, Julian and Bystrov, Alexander and Yakovlev, Alexandre},
  journal={IEEE Transactions on Computers},
  volume={54},
  number={4},
  pages={449--460},
  year={2005},
  publisher={IEEE}
}

@inproceedings{bellard2005qemu,
  title={{QEMU}, a fast and portable dynamic translator.},
  author={Bellard, Fabrice},
  booktitle={USENIX Annual Technical Conference, FREENIX Track},
  volume={41},
  pages={46},
  year={2005}
}

@inproceedings{messerges2000securing,
  title={Securing the {AES} finalists against power analysis attacks},
  author={Messerges, Thomas S},
  booktitle={International Workshop on Fast Software Encryption},
  pages={150--164},
  year={2000},
  organization={Springer}
}

@article{lattner2010llvm,
  title={The {LLVM} compiler infrastructure},
  author={Lattner, Chris and others},
  journal={URL http://llvm. org},
  year={2010}
}

@inproceedings{lattner2004llvm,
  title={{LLVM}: A compilation framework for lifelong program analysis \& transformation},
  author={Lattner, Chris and Adve, Vikram},
  booktitle={Proceedings of the international symposium on Code generation and optimization: feedback-directed and runtime optimization},
  pages={75},
  year={2004},
  organization={IEEE Computer Society}
}

@misc{arduino,
  title = {Arduino {D}ue {S}tore {P}age and {T}echnical {S}pecs},
  howpublished = {\url{https://store.arduino.cc/arduino-due}},
  note = {Accessed: 2019-01-15}
}

@inproceedings{junod2015obfuscator,
  title={Obfuscator-{LLVM} - software protection for the masses},
  author={Junod, Pascal and Rinaldini, Julien and Wehrli, Johan and Michielin, Julie},
  booktitle={Software Protection (SPRO), 2015 IEEE/ACM 1st International Workshop on},
  pages={3--9},
  year={2015},
  organization={IEEE}
}

@inproceedings{lyu2014dbill,
  title={DBILL: an efficient and retargetable dynamic binary instrumentation framework using {LLVM} backend},
  author={Lyu, Yi-Hong and Hong, Ding-Yong and Wu, Tai-Yi and Wu, Jan-Jan and Hsu, Wei-Chung and Liu, Pangfeng and Yew, Pen-Chung},
  booktitle={{ACM} Sigplan Notices},
  volume={49},
  number={7},
  pages={141--152},
  year={2014},
  organization={ACM}
}

@article{dagum1998openmp,
  title={{OpenMP}: an industry standard {API} for shared-memory programming},
  author={Dagum, Leonardo and Menon, Ramesh},
  journal={{IEEE} computational science and engineering},
  volume={5},
  number={1},
  pages={46--55},
  year={1998},
  publisher={{IEEE}}
}

@inproceedings{tiri2005prototype,
  title={Prototype {IC} with {WDDL} and differential routing - {DPA} resistance assessment},
  author={Tiri, Kris and Hwang, David and Hodjat, Alireza and Lai, Bo-Cheng and Yang, Shenglin and Schaumont, Patrick and Verbauwhede, Ingrid},
  booktitle={{I}nternational {W}orkshop on {C}ryptographic {H}ardware and {E}mbedded {S}ystems},
  pages={354--365},
  year={2005},
  organization={Springer}
}

@inproceedings{soares2008evaluating,
  title={Evaluating the robustness of secure triple track logic through prototyping},
  author={Soares, Rafael and Calazans, Ney and Lomn{\'e}, Victor and Maurine, Philippe and Torres, Lionel and Robert, Michel},
  booktitle={{SBCCI'08}: {S}ymposium on {I}ntegrated {C}ircuits and {S}ystems {D}esign},
  pages={193--198},
  year={2008},
  organization={{ACM}}
}

@article{baddam2008path,
  title={Path switching: a technique to tolerate dual rail routing imbalances},
  author={Baddam, Karthik and Zwolinski, Mark},
  journal={{D}esign {A}utomation for {E}mbedded {S}ystems},
  volume={12},
  number={3},
  pages={207--220},
  year={2008},
  publisher={Springer}
}

@inproceedings{lattner2008llvm,
  title={LLVM and Clang: Next generation compiler technology},
  author={Lattner, Chris},
  booktitle={The BSD conference},
  volume={5},
  year={2008}
}

@online{armbare,
url={https://balau82.wordpress.com/2010/02/28/hello-world-for-bare-metal-arm-using-qemu/},
urldate = {2019-06-12}
}

@online{sampson2015llvm,
  title={LLVM for Grad Students},
  author={Sampson, Adrian},
  year={2015},
  publisher={August},
url = {http://www.cs.cornell.edu/~asampson/blog/llvm.html},
urldate = {2019-06-12}
}

@online{llvmdoc,
url= {https://llvm.org/docs/WritingAnLLVMPass.html},
urldate = {2019-06-13}
}

@online{git,
url={https://github.com/alxshine/dual-rail}
}

@online{arduino,
url={https://store.arduino.cc/due}
}

@inproceedings{van2011improving,
  title={Improving differential power analysis by elastic alignment},
  author={van Woudenberg, Jasper GJ and Witteman, Marc F and Bakker, Bram},
  booktitle={Cryptographers’ Track at the RSA Conference},
  pages={104--119},
  year={2011},
  organization={Springer}
}
@inproceedings{razafindraibe2006formal,
  title={Formal evaluation of the robustness of dual-rail logic against DPA attacks},
  author={Razafindraibe, Alin and Robert, Michel and Maurine, Philippe},
  booktitle={International Workshop on Power and Timing Modeling, Optimization and Simulation},
  pages={634--644},
  year={2006},
  organization={Springer}
}
@book{daemen2013design,
  title={The design of Rijndael: AES-the advanced encryption standard},
  author={Daemen, Joan and Rijmen, Vincent},
  year={2013},
  publisher={Springer Science \& Business Media}
}
@online{rc4,
url={https://en.wikipedia.org/wiki/RC4},
urldate={2017-07-21}
}
@article{lomont2011introduction,
  title={Introduction to intel advanced vector extensions},
  author={Lomont, Chris},
  journal={Intel White Paper},
  pages={1--21},
  year={2011}
}
@article{dagum1998openmp,
  title={{OpenMP}: an industry standard {API} for shared-memory programming},
  author={Dagum, Leonardo and Menon, Ramesh},
  journal={{IEEE} computational science and engineering},
  volume={5},
  number={1},
  pages={46--55},
  year={1998},
  publisher={{IEEE}}
}
@inproceedings{brier2004correlation,
  title={Correlation power analysis with a leakage model},
  author={Brier, Eric and Clavier, Christophe and Olivier, Francis},
  booktitle={International Workshop on Cryptographic Hardware and Embedded Systems},
  pages={16--29},
  year={2004},
  organization={Springer}
}
@misc{kocher1998introduction,
  title={Introduction to differential power analysis and related attacks},
  author={Kocher, Paul and Jaffe, Joshua and Jun, Benjamin and others},
  year={1998}
}
@misc{boehme2017netsec,
title={Information Security II lecture notes},
author={B\"ohme, Rainer},
year={2017}
}
@article{kocher2011introduction,
  title={Introduction to differential power analysis},
  author={Kocher, Paul and Jaffe, Joshua and Jun, Benjamin and Rohatgi, Pankaj},
  journal={Journal of Cryptographic Engineering},
  volume={1},
  number={1},
  pages={5--27},
  year={2011},
  publisher={Springer}
}
@inproceedings{golic2002multiplicative,
  title={Multiplicative masking and power analysis of AES},
  author={Goli{\'c}, Jovan D and Tymen, Christophe},
  booktitle={International Workshop on Cryptographic Hardware and Embedded Systems},
  pages={198--212},
  year={2002},
  organization={Springer}
}
@inproceedings{coron2000boolean,
  title={On boolean and arithmetic masking against differential power analysis},
  author={Coron, Jean-S{\'e}bastien and Goubin, Louis},
  booktitle={International Workshop on Cryptographic Hardware and Embedded Systems},
  pages={231--237},
  year={2000},
  organization={Springer}
}
@inproceedings{goubin1999and,
  title={DES and differential power analysis the “Duplication” method},
  author={Goubin, Louis and Patarin, Jacques},
  booktitle={International Workshop on Cryptographic Hardware and Embedded Systems},
  pages={158--172},
  year={1999},
  organization={Springer}
}
@inproceedings{chari1999towards,
  title={Towards sound approaches to counteract power-analysis attacks},
  author={Chari, Suresh and Jutla, Charanjit S and Rao, Josyula R and Rohatgi, Pankaj},
  booktitle={Annual International Cryptology Conference},
  pages={398--412},
  year={1999},
  organization={Springer}
}
@inproceedings{akkar2001implementation,
  title={An implementation of DES and AES, secure against some attacks},
  author={Akkar, Mehdi-Laurent and Giraud, Christophe},
  booktitle={International Workshop on Cryptographic Hardware and Embedded Systems},
  pages={309--318},
  year={2001},
  organization={Springer}
}
@inproceedings{rivain2010provably,
  title={Provably secure higher-order masking of AES},
  author={Rivain, Matthieu and Prouff, Emmanuel},
  booktitle={International Workshop on Cryptographic Hardware and Embedded Systems},
  pages={413--427},
  year={2010},
  organization={Springer}
}
@inproceedings{saputra2003masking,
  title={Masking the energy behavior of DES encryption},
  author={Saputra, Hendra and Vijaykrishnan, Narayanan and Kandemir, M and Irwin, Mary Jane and Brooks, R and Kim, Soontae and Zhang, Wei},
  booktitle={Proceedings of the conference on Design, Automation and Test in Europe-Volume 1},
  pages={10084},
  year={2003},
  organization={IEEE Computer Society}
}
@article{granlund1996gnu,
  title={Gnu mp},
  author={Granlund, Torbj{\"o}rn},
  journal={The GNU Multiple Precision Arithmetic Library},
  volume={2},
  number={2},
  year={1996}
}
@misc{lattner2006llvm,
  title={LLVM language reference manual},
  author={Lattner, Chris and Adve, Vikram},
  year={2006}
}
@inproceedings{moore2002improving,
  title={Improving smart card security using self-timed circuits},
  author={Moore, Simon and Anderson, Ross and Cunningham, Paul and Mullins, Robert and Taylor, George},
  booktitle={Proceedings Eighth International Symposium on Asynchronous Circuits and Systems},
  pages={211--218},
  year={2002},
  organization={IEEE}
}
@inproceedings{ronen2017iot,
  title={IoT goes nuclear: Creating a ZigBee chain reaction},
  author={Ronen, Eyal and Shamir, Adi and Weingarten, Achi-Or and O’Flynn, Colin},
  booktitle={2017 IEEE Symposium on Security and Privacy (SP)},
  pages={195--212},
  year={2017},
  organization={IEEE}
}
@inproceedings{coron2000statistics,
  title={Statistics and secret leakage},
  author={Coron, Jean-S{\'e}basticn and Kocher, Paul and Naccache, David},
  booktitle={International Conference on Financial Cryptography},
  pages={157--173},
  year={2000},
  organization={Springer}
}