@inproceedings{kocher1999differential,
  title={Differential power analysis},
  author={Kocher, Paul and Jaffe, Joshua and Jun, Benjamin},
  booktitle={Annual International Cryptology Conference},
  pages={388--397},
  year={1999},
  organization={Springer}
}

@article{sokolov2005design,
  title={Design and analysis of dual-rail circuits for security applications},
  author={Sokolov, Danil and Murphy, Julian and Bystrov, Alexander and Yakovlev, Alexandre},
  journal={IEEE Transactions on Computers},
  volume={54},
  number={4},
  pages={449--460},
  year={2005},
  publisher={IEEE}
}

@inproceedings{bellard2005qemu,
  title={{QEMU}, a fast and portable dynamic translator.},
  author={Bellard, Fabrice},
  booktitle={USENIX Annual Technical Conference, FREENIX Track},
  volume={41},
  pages={46},
  year={2005}
}
