@inproceedings{kocher1999differential,
  title={Differential power analysis},
  author={Kocher, Paul and Jaffe, Joshua and Jun, Benjamin},
  booktitle={Annual International Cryptology Conference},
  pages={388--397},
  year={1999},
  organization={Springer}
}

@article{sokolov2005design,
  title={Design and analysis of dual-rail circuits for security applications},
  author={Sokolov, Danil and Murphy, Julian and Bystrov, Alexander and Yakovlev, Alexandre},
  journal={IEEE Transactions on Computers},
  volume={54},
  number={4},
  pages={449--460},
  year={2005},
  publisher={IEEE}
}

@inproceedings{bellard2005qemu,
  title={{QEMU}, a fast and portable dynamic translator.},
  author={Bellard, Fabrice},
  booktitle={USENIX Annual Technical Conference, FREENIX Track},
  volume={41},
  pages={46},
  year={2005}
}

@inproceedings{messerges2000securing,
  title={Securing the AES finalists against power analysis attacks},
  author={Messerges, Thomas S},
  booktitle={International Workshop on Fast Software Encryption},
  pages={150--164},
  year={2000},
  organization={Springer}
}

@article{lattner2010llvm,
  title={The LLVM compiler infrastructure},
  author={Lattner, Chris and others},
  journal={URL http://llvm. org},
  year={2010}
}

@inproceedings{lattner2004llvm,
  title={LLVM: A compilation framework for lifelong program analysis \& transformation},
  author={Lattner, Chris and Adve, Vikram},
  booktitle={Proceedings of the international symposium on Code generation and optimization: feedback-directed and runtime optimization},
  pages={75},
  year={2004},
  organization={IEEE Computer Society}
}

@misc{arduino,
  title = {Arduino Due Store Page and Technical Specs},
  howpublished = {\url{https://store.arduino.cc/arduino-due}},
  note = {Accessed: 2019-01-15}
}